

@misc{openmpi,
    key         = {Open MPI},
    title       = {Open Source High Performance Computing},
    note        = {https://www.open-mpi.org/},
    year        = 2017
}


@misc{antlr,
    key         = {ANTLR},
    title       = {ANother Tool for Language Recognition},
    note        = {http://www.antlr.org/},
    year        = 2017
}

@misc{clueweb,
    key         = {ClueWeb09},
    title       = {The ClueWeb09 Dataset},
    note        = {https://lemurproject.org/clueweb09/},
    year        = 2017
}

@misc{konect,
    key         = {KONECT},
    title       = {The Koblenz Network Collection},
    note        = {http://konect.uni-koblenz.de/},
    year        = 2017
}

@misc{google,
    key         = {Google webgraph},
    title       = {KONECT Google webgraph dataset},
    note        = {http://konect.uni-koblenz.de/networks/web-Google},
    year        = 2017
}

@misc{livejournal,
    key         = {Livejournal},
    title       = {KONECT Livejournal social network dataset},
    note        = {http://konect.uni-koblenz.de/networks/soc-LiveJournal1},
    year        = 2017
}
@misc{roadca,
    key         = {RoadCA},
    title       = {KONECT RoadCA road network dataset},
    note        = {http://konect.uni-koblenz.de/networks/roadNet-CA},
    year        = 2017
}
@misc{wikitalk,
    key         = {WikiTalk},
    title       = {KONECT Wiki talk Dataset},
    note        = {http://konect.uni-koblenz.de/networks/wiki\_talk\_en},
    year        = 2017
}
@misc{giraph,
    key         = {Apache Giraph},
    title       = {Iterative graph processing system},
    note        = {http://giraph.apache.org},
    year        = 2017
}

@misc{z3,
    key         = {Z3},
    title       = {SMT Solver},
    note        = {https://github.com/Z3Prover/z3},
    year        = 2017
}

@misc{kryo,
    key         = {Kyro},
    title       = {Kryo serializers for some jdk types},
    note        = {https://github.com/magro/kryo-serializers},
    year        = 2017
}

@misc{trove,
    key         = {TROVE},
    title       = {High performance collections for Java},
    note        = {http://trove.starlight-systems.com/},
    year        = 2017
}

@misc{stringtemplate,
    key         = {StringTemplate},
    title       = {Java template engine for generating source code},
    note        = {http://www.stringtemplate.org/},
    year        = 2017
}

@misc{citepatent,
    key         = {CitePatent},
    title       = {CitePatent dataset},
    note        = {https://github.com/dhalperi/cse550-code-data/tree/master/citations},
    year        = 2017
}


@misc{mpich,
    key         = {MPJ Express},
    title       = {An open source Java message passing library},
    note        = {http://mpj-express.org/},
    year        = 2017
}

@misc{dbpedia,
    key         = {DBpedia},
    title       = {DBpedia dataset},
    note        = {http://konect.uni-koblenz.de/networks/dbpedia-all},
    year        = 2017
}

@misc{wikilinks,
    key         = {Wiki},
    title       = {Wiki links english dataset},
    note        = {http://konect.uni-koblenz.de/networks/wikipedia\_link\_en},
    year        = 2017
}

@misc{friendster,
    key         = {Friendster},
    title       = {Friendster dataset},
    note        = {http://konect.uni-koblenz.de/networks/friendster},
    year        = 2017
}

@misc{twitter,
    key         = {Twitter\_MPI},
    title       = {Twitter\_MPI dataset},
    note        = {http://konect.uni-koblenz.de/networks/twitter\_mpi},
    year        = 2017
}

@inproceedings{Hellerstein:1997:OA:253260.253291,
 author = {Hellerstein, Joseph M. and Haas, Peter J. and Wang, Helen J.},
 title = {Online Aggregation},
 booktitle = {SIGMOD '97},
 year = {1997},
 pages = {171--182}
}

@inproceedings{Aref:2015:DIL:2723372.2742796,
 author = {Aref, Molham and ten Cate, Balder and Green, Todd J. and Kimelfeld, Benny and Olteanu, Dan and Pasalic, Emir and Veldhuizen, Todd L. and Washburn, Geoffrey},
 title = {Design and Implementation of the LogicBlox System},
 booktitle = {SIGMOD '15},
 year = {2015},
 pages = {1371--1382}
}

@inproceedings{Shapiro:2011:CRD:2050613.2050642,
 author = {Shapiro, Marc and Pregui\c{c}a, Nuno and Baquero, Carlos and Zawirski, Marek},
 title = {Conflict-free Replicated Data Types},
 booktitle = {SSS '11},
 year = {2011},
 pages = {386--400}
}

@inproceedings{Halperin:2014:DMB:2588555.2594530,
 author = {Halperin, Daniel and Teixeira de Almeida, Victor and Choo, Lee Lee and Chu, Shumo and Koutris, Paraschos and Moritz, Dominik and Ortiz, Jennifer and Ruamviboonsuk, Vaspol and Wang, Jingjing and Whitaker, Andrew and Xu, Shengliang and Balazinska, Magdalena and Howe, Bill and Suciu, Dan},
 title = {Demonstration of the Myria Big Data Management Service},
 booktitle = {SIGMOD '14},
 year = {2014},
 pages = {881--884}
}

@INPROCEEDINGS{7840589,
author={W. E. Moustafa and V. Papavasileiou and K. Yocum and A. Deutsch},
booktitle={IEEE BigData '16},
title={Datalography: Scaling datalog graph analytics on graph processing systems},
year={2016}}

@INPROCEEDINGS{mpjperformance,
author={Alexey Cheptsov},
booktitle={SEMAPRO '12},
title={Enabling High Performance Computing for Semantic Web Applications by Means of Open MPI Java Bindings},
year={2012},
pages={11-19}}

@INPROCEEDINGS{7113340,
author={A. Shkapsky and M. Yang and C. Zaniolo},
booktitle={ICDE '15},
title={Optimizing recursive queries with monotonic aggregates in DeALS},
year={2015},
pages={867-878}}

@article{Shkapsky:2013:GQN:2536274.2536290,
 author = {Shkapsky, Alexander and Zeng, Kai and Zaniolo, Carlo},
 title = {Graph Queries in a Next-generation Datalog System},
 journal = {Proc. VLDB Endow.},
 volume = {6},
 number = {12},
 month = aug,
 year = {2013},
 pages = {1258--1261}
}

@inproceedings{Bailis:2017:MPA:3035918.3035928,
 author = {Bailis, Peter and Gan, Edward and Madden, Samuel and Narayanan, Deepak and Rong, Kexin and Suri, Sahaana},
 title = {MacroBase: Prioritizing Attention in Fast Data},
 booktitle = {SIGMOD '17},
 year = {2017},
 pages = {541--556}
}

@article{Conway:2014:EAS:2732279.2732285,
 author = {Conway, Neil and Alvaro, Peter and Andrews, Emily and Hellerstein, Joseph M.},
 title = {Edelweiss: Automatic Storage Reclamation for Distributed Programming},
 journal = {Proc. VLDB Endow.},
 volume = {7},
 number = {6},
 month = feb,
 year = {2014},
 pages = {481--492}
}

@article{Barroso:2017:AKM:3069398.3015146,
 author = {Barroso, Luiz and Marty, Mike and Patterson, David and Ranganathan, Parthasarathy},
 title = {Attack of the Killer Microseconds},
 journal = {Commun. ACM},
 volume = {60},
 number = {4},
 month = mar,
 year = {2017},
 pages = {48--54}
}

@article{Bailis:2012:PBS:2212351.2212359,
 author = {Bailis, Peter and Venkataraman, Shivaram and Franklin, Michael J. and Hellerstein, Joseph M. and Stoica, Ion},
 title = {Probabilistically Bounded Staleness for Practical Partial Quorums},
 journal = {Proc. VLDB Endow.},
 volume = {5},
 number = {8},
 month = apr,
 year = {2012},
 pages = {776--787}
}

@ARTICLE{maiter,
author={Zhang, Yanfeng and Gao, Qixin and Gao, Lixin and Wang, Cuirong},
journal={IEEE Trans. on Parallel and Distributed Systems},
title={Maiter: An Asynchronous Graph Processing Framework for Delta-Based Accumulative Iterative Computation},
month = aug,
year={2014},
volume={25},
number={8},
pages={2091-2100},}


@inproceedings{Wang:2016:GHG:2851141.2851145,
 author = {Wang, Yangzihao and Davidson, Andrew and Pan, Yuechao and Wu, Yuduo and Riffel, Andy and Owens, John D.},
 title = {Gunrock: A High-performance Graph Processing Library on the GPU},
 booktitle = {PPoPP '16},
 year = {2016},
 pages = {11:1--11:12}
}

@inproceedings{Jeh:2002:SMS:775047.775126,
 author = {Jeh, Glen and Widom, Jennifer},
 title = {SimRank: A Measure of Structural-context Similarity},
 booktitle = {KDD '02},
 year = {2002},
 pages = {538--543}
}

@ARTICLE{910572,
author={F. R. Kschischang and B. J. Frey and H. A. Loeliger},
journal={IEEE Trans. on Information Theory},
title={Factor graphs and the sum-product algorithm},
year={2001},
volume={47},
number={2},
pages={498-519},
month={Feb},}

@article{Gatterbauer:2015:LSB:2735479.2735490,
 author = {Gatterbauer, Wolfgang and G\"{u}nnemann, Stephan and Koutra, Danai and Faloutsos, Christos},
 title = {Linearized and Single-pass Belief Propagation},
 journal = {Proc. VLDB Endow.},
 volume = {8},
 number = {5},
 month = jan,
 year = {2015},
 pages = {581--592}
}

@inbook{53e486195688442995f82bfe28c55731,
title = "Satisfiability modulo theories",
author = "Clark Barrett and Roberto Sebastiani and Seshia, {Sanjit A.} and Cesare Tinelli",
year = "2009",
volume = "185",
series = "Frontiers in Artificial Intelligence and Applications",
number = "1",
pages = "825--885",
booktitle = "Handbook of Satisfiability",
edition = "1",
}

@inproceedings{DeMoura:2008:ZES:1792734.1792766,
 author = {De Moura, Leonardo and Bj{\o}rner, Nikolaj},
 title = {Z3: An Efficient SMT Solver},
 booktitle = {TACAS '08/ETAPS '08},
 year = {2008},
 pages = {337--340}
}

@inproceedings{Fan:2017:PSG:3035918.3035942,
 author = {Fan, Wenfei and Xu, Jingbo and Wu, Yinghui and Yu, Wenyuan and Jiang, Jiaxin and Zheng, Zeyu and Zhang, Bohan and Cao, Yang and Tian, Chao},
 title = {Parallelizing Sequential Graph Computations},
 booktitle = {SIGMOD '17},
 year = {2017},
 pages = {495--510}
}

@inproceedings{Shun:2015:SRP:2722129.2722159,
 author = {Shun, Julian and Gu, Yan and Blelloch, Guy E. and Fineman, Jeremy T. and Gibbons, Phillip B.},
 title = {Sequential Random Permutation, List Contraction and Tree Contraction Are Highly Parallel},
 booktitle = {SODA '15},
 year = {2015},
 pages = {431--448}
}

@inproceedings{blaze,
 author = {Alvaro, Peter and Conway, Neil and Hellerstein, Joseph M. and Maier, David},
 title = {Blazes: Coordination analysis for distributed programs},
 booktitle = {ICDE '14},
 pages={52-63},
 year = {2014}
}

@article{Ameloot:2014:DNR:2694413.2694415,
 author = {Ameloot, Tom J.},
 title = {Declarative Networking: Recent Theoretical Work on Coordination, Correctness, and Declarative Semantics},
 journal = {SIGMOD Rec.},
 volume = {43},
 number = {2},
 month = dec,
 year = {2014},
 pages = {5--16}
}

@article{Bailis:2014:QEC:2632661.2632792,
 author = {Bailis, Peter and Venkataraman, Shivaram and Franklin, Michael J. and Hellerstein, Joseph M. and Stoica, Ion},
 title = {Quantifying Eventual Consistency with PBS},
 journal = {Commun. ACM},
 volume = {57},
 number = {8},
 month = aug,
 year = {2014},
 pages = {93--102}
}

@inproceedings{Alvaro:2013:CWB:2523616.2523632,
 author = {Alvaro, Peter and Bailis, Peter and Conway, Neil and Hellerstein, Joseph M.},
 title = {Consistency Without Borders},
 booktitle = {SOCC '13},
 year = {2013},
 pages = {23:1--23:10}
}

@inproceedings{Bailis:2013:BCC:2463676.2465279,
 author = {Bailis, Peter and Ghodsi, Ali and Hellerstein, Joseph M. and Stoica, Ion},
 title = {Bolt-on Causal Consistency},
 booktitle = {SIGMOD '13},
 year = {2013},
 pages = {761--772}
}

@article{Bailis:2013:ECT:2460276.2462076,
 author = {Bailis, Peter and Ghodsi, Ali},
 title = {Eventual Consistency Today: Limitations, Extensions, and Beyond},
 journal = {Queue - Storage},
 volume = {11},
 number = {3},
 month = mar,
 year = {2013},
 pages = {20:20--20:32}
}

@inproceedings{Bailis:2012:PDC:2391229.2391251,
 author = {Bailis, Peter and Fekete, Alan and Ghodsi, Ali and Hellerstein, Joseph M. and Stoica, Ion},
 title = {The Potential Dangers of Causal Consistency and an Explicit Solution},
 booktitle = {SoCC '12},
 year = {2012},
 pages = {22:1--22:7}
}

@inproceedings{Conway:2012:LLD:2391229.2391230,
 author = {Conway, Neil and Marczak, William R. and Alvaro, Peter and Hellerstein, Joseph M. and Maier, David},
 title = {Logic and Lattices for Distributed Programming},
 booktitle = {SoCC '12},
 year = {2012},
 pages = {1:1--1:14}
}

@inproceedings{Alvaro:2010:DDT:2185923.2185942,
 author = {Alvaro, Peter and Marczak, William R. and Conway, Neil and Hellerstein, Joseph M. and Maier, David and Sears, Russell},
 title = {Dedalus: Datalog in Time and Space},
 booktitle = {Datalog '10},
 year = {2011},
 pages = {262--281}
}

@article{Zhang:2014:DSM:2732977.2733001,
 author = {Zhang, Ce and R{\'e}, Christopher},
 title = {DimmWitted: A Study of Main-memory Statistical Analytics},
 journal = {Proc. VLDB Endow.},
 volume = {7},
 number = {12},
 month = aug,
 year = {2014},
 pages = {1283--1294}
}

@inproceedings{Mnih:2016:AMD:3045390.3045594,
 author = {Mnih, Volodymyr and Badia, Adri\`{a} Puigdom\`{e}nech and Mirza, Mehdi and Graves, Alex and Harley, Tim and Lillicrap, Timothy P. and Silver, David and Kavukcuoglu, Koray},
 title = {Asynchronous Methods for Deep Reinforcement Learning},
 booktitle = {ICML '16},
 year = {2016},
 pages = {1928--1937}
}

@inproceedings{Alvaro:2010:BAE:1755913.1755937,
 author = {Alvaro, Peter and Condie, Tyson and Conway, Neil and Elmeleegy, Khaled and Hellerstein, Joseph M. and Sears, Russell},
 title = {Boom Analytics: Exploring Data-centric, Declarative Programming for the Cloud},
 booktitle = {EuroSys '10},
 year = {2010},
 pages = {223--236}
}

@article{Hellerstein:2010:DIE:1860702.1860704,
 author = {Hellerstein, Joseph M.},
 title = {The Declarative Imperative: Experiences and Conjectures in Distributed Logic},
 journal = {SIGMOD Rec.},
 volume = {39},
 number = {1},
 month = sep,
 year = {2010},
 pages = {5--19}
}


@article{Liu:2015:APS:2789272.2789282,
 author = {Liu, Ji and Wright, Stephen J. and R{\'e}, Christopher and Bittorf, Victor and Sridhar, Srikrishna},
 title = {An Asynchronous Parallel Stochastic Coordinate Descent Algorithm},
 journal = {J. Mach. Learn. Res.},
 volume = {16},
 number = {1},
 month = jan,
 year = {2015},
 pages = {285--322}
}

@inproceedings{Shalev-Shwartz:2013:AMS:2999611.2999654,
 author = {Shalev-Shwartz, Shai and Zhang, Tong},
 title = {Accelerated Mini-batch Stochastic Dual Coordinate Ascent},
 booktitle = {NIPS '13},
 year = {2013},
 pages = {378--385}
}

@article{DBLP:journals/corr/GonzalezBJFHGS15,
  author    = {Joseph E. Gonzalez and
               Peter Bailis and
               Michael I. Jordan and
               Michael J. Franklin and
               Joseph M. Hellerstein and
               Ali Ghodsi and
               Ion Stoica},
  title     = {Asynchronous Complex Analytics in a Distributed Dataflow Architecture},
  journal   = {CoRR},
  volume    = {abs/1510.07092},
  year      = {2015},
}

@inproceedings{Zhang:2011:PDF:2038916.2038929,
 author = {Zhang, Yanfeng and Gao, Qixin and Gao, Lixin and Wang, Cuirong},
 title = {PrIter: A Distributed Framework for Prioritized Iterative Computations},
 booktitle = {SOCC '11},
 year = {2011},
 pages = {13:1--13:14}
}

@inproceedings{Dean:2004:MSD:1251254.1251264,
 author = {Dean, Jeffrey and Ghemawat, Sanjay},
 title = {MapReduce: Simplified Data Processing on Large Clusters},
 booktitle = {OSDI '04},
 year = {2004}
}

@article{Bailis:2014:CAD:2735508.2735509,
 author = {Bailis, Peter and Fekete, Alan and Franklin, Michael J. and Ghodsi, Ali and Hellerstein, Joseph M. and Stoica, Ion},
 title = {Coordination Avoidance in Database Systems},
 journal = {Proc. VLDB Endow.},
 volume = {8},
 number = {3},
 month = nov,
 year = {2014},
 pages = {185--196}
}

@inproceedings{Liu:2014:ADP:2670979.2670980,
 author = {Liu, Chang and Zhang, Jiaxing and Zhou, Hucheng and McDirmid, Sean and Guo, Zhenyu and Moscibroda, Thomas},
 title = {Automating Distributed Partial Aggregation},
 booktitle = {SOCC '14},
 year = {2014},
 pages = {1:1--1:12}
}

@inproceedings{Srivastava:2011:PIS:1993498.1993557,
 author = {Srivastava, Saurabh and Gulwani, Sumit and Chaudhuri, Swarat and Foster, Jeffrey S.},
 title = {Path-based Inductive Synthesis for Program Inversion},
 booktitle = {PLDI '11},
 year = {2011},
 pages = {492--503}
}

@inproceedings{Srivastava:2010:PVP:1706299.1706337,
 author = {Srivastava, Saurabh and Gulwani, Sumit and Foster, Jeffrey S.},
 title = {From Program Verification to Program Synthesis},
 booktitle = {POPL '10},
 year = {2010},
 pages = {313--326}
}

@inproceedings{priori-cidr,
 author = {Bailis, Peter and Gan, Edward and Rong, Kexin and Suri, Sahaana},
 title = {Prioritizing Attention in Fast Data: Principles and Promise},
 booktitle = {CIDR '17},
 year = {2017}
}

@inproceedings{Niu:2011:HLA:2986459.2986537,
 author = {Niu, Feng and Recht, Benjamin and Re, Christopher and Wright, Stephen J.},
 title = {HOGWILD!: A Lock-free Approach to Parallelizing Stochastic Gradient Descent},
 booktitle = {NIPS '11},
 year = {2011},
 pages = {693--701}
}


@inproceedings{8017445,
 author = {Shi, Xuanhua and Liang, Junling and Di, Sheng and He, Bingsheng and Jin, Hai and Lu, Lu and Wang, Zhixiang and Luo, Xuan and Zhong, Jianlong},
 title = {Optimization of Asynchronous Graph Processing on GPU with Hybrid Coloring Model},
 booktitle = {PPoPP '15},
 year = {2015},
 pages = {271--272}
}

@article{Low:2012:DGF:2212351.2212354,
 author = {Low, Yucheng and Bickson, Danny and Gonzalez, Joseph and Guestrin, Carlos and Kyrola, Aapo and Hellerstein, Joseph M.},
 title = {Distributed GraphLab: A Framework for Machine Learning and Data Mining in the Cloud},
 journal = {Proc. VLDB Endow.},
 volume = {5},
 number = {8},
 month = apr,
 year = {2012},
 pages = {716--727}
}

@inproceedings{Zhao:2017:AGP:3035918.3035943,
 author = {Zhao, Kangfei and Yu, Jeffrey Xu},
 title = {All-in-One: Graph Processing in RDBMSs Revisited},
 booktitle = {SIGMOD '17},
 year = {2017},
 pages = {1165--1180}
}

@inproceedings{Zaharia:2010:SCC:1863103.1863113,
 author = {Zaharia, Matei and Chowdhury, Mosharaf and Franklin, Michael J. and Shenker, Scott and Stoica, Ion},
 title = {Spark: Cluster Computing with Working Sets},
 booktitle = {HotCloud '10},
 year = {2010}
}

@inproceedings{Shkapsky:2016:BDA:2882903.2915229,
 author = {Shkapsky, Alexander and Yang, Mohan and Interlandi, Matteo and Chiu, Hsuan and Condie, Tyson and Zaniolo, Carlo},
 title = {Big Data Analytics with Datalog Queries on Spark},
 booktitle = {SIGMOD '16},
 year = {2016},
 pages = {1135--1149}
}

@inproceedings{Lam:2013:SDE:2510649.2511289,
 author = {Lam, Monica S. and Guo, Stephen and Seo, Jiwon},
 title = {SociaLite: Datalog Extensions for Efficient Social Network Analysis},
 booktitle = {ICDE '13},
 year = {2013},
 pages = {278--289}
}

@article{Seo:2013:DSD:2556549.2556572,
 author = {Seo, Jiwon and Park, Jongsoo and Shin, Jaeho and Lam, Monica S.},
 title = {Distributed Socialite: A Datalog-based Language for Large-scale Graph Analysis},
 journal = {Proc. VLDB Endow.},
 volume = {6},
 number = {14},
 month = sep,
 year = {2013},
 pages = {1906--1917}
}

@article{Wang:2015:AFR:2824032.2824052,
 author = {Wang, Jingjing and Balazinska, Magdalena and Halperin, Daniel},
 title = {Asynchronous and Fault-tolerant Recursive Datalog Evaluation in Shared-nothing Engines},
 journal = {Proc. VLDB Endow.},
 volume = {8},
 number = {12},
 month = aug,
 year = {2015},
 pages = {1542--1553}
}

@inproceedings{asynchronous,
 author = {Karthik, Kambatla and Naresh, Rapolu and Suresh, Jagannathan and Ananth, Grama},
 title = {Asynchronous Algorithms in MapReduce},
 booktitle = {Cluster '10},
 year = {2010},
 }

 @article{Tian:2013:TLV:2732232.2732238,
 author = {Tian, Yuanyuan and Balmin, Andrey and Corsten, Severin Andreas and Tatikonda, Shirish and McPherson, John},
 title = {From "Think Like a Vertex" to "Think Like a Graph"},
 journal = {Proc. VLDB Endow.},
 volume = {7},
 number = {3},
 month = nov,
 year = {2013},
 pages = {193--204}
}

@article{Han:2015:GUB:2777598.2777604,
 author = {Han, Minyang and Daudjee, Khuzaima},
 title = {Giraph Unchained: Barrierless Asynchronous Parallel Execution in Pregel-like Graph Systems},
 journal = {Proc. VLDB Endow.},
 volume = {8},
 number = {9},
 month = may,
 year = {2015},
 pages = {950--961}
}

@inproceedings{grace,
 author = {Wang, Guozhang and Xie, Wenlei and Demers, Alan and Gehrke, Johannes},
 title = {Asynchronous Large-Scale Graph Processing Made Easy},
 booktitle = {CIDR '13},
  year = {2013}
}

@inproceedings{calm,
 author = {Alvaro, Peter and Conway, Neil and M. Hellerstein, Joseph and R. Marczak, William},
 title = {Consistency Analysis in Bloom: a CALM and Collected Approach},
 booktitle = {CIDR '11},
  year = {2011}
}

@article{fixpoint,
 author = {Tarski, A.},
 title = {A lattice-theoretical fixpoint theorem and its applications},
 journal = {Pacific Journal of Mathematics},
 volume = {5},
 number = {2},
 year = {1955},
 pages = {285--309}
}
