
@misc{antlr,
    key         = {ANTLR},
    title       = {ANother Tool for Language Recognition},
    note        = {http://www.antlr.org/},
    year        = 2017
}

@misc{giraph,
    key         = {Apache Giraph},
    title       = {Iterative graph processing system},
    note        = {http://giraph.apache.org},
    year        = 2017
}

@misc{z3,
    key         = {Z3},
    title       = {Z3 SMT Solver},
    note        = {https://github.com/Z3Prover/z3},
    year        = 2017
}

@misc{kryo,
    key         = {Kyro},
    title       = {Kryo serializers for some jdk types},
    note        = {https://github.com/magro/kryo-serializers},
    year        = 2017
}

@misc{trove,
    key         = {TROVE},
    title       = {High performance collections for Java},
    note        = {http://trove.starlight-systems.com/},
    year        = 2017
}

@misc{stringtemplate,
    key         = {StringTemplate},
    title       = {Java template engine for generating source code},
    note        = {http://www.stringtemplate.org/},
    year        = 2017
}

@misc{citepatent,
    key         = {CitePatent},
    title       = {CitePatent dataset},
    note        = {https://github.com/dhalperi/cse550-code-data/tree/master/citations},
    year        = 2017
}


@misc{mpich,
    key         = {MPJ Express},
    title       = {An open source Java message passing library},
    note        = {http://mpj-express.org/},
    year        = 2017
}

@misc{dbpedia,
    key         = {DBpedia},
    title       = {DBpedia dataset},
    note        = {http://konect.uni-koblenz.de/networks/dbpedia-all},
    year        = 2017
}

@misc{wikilinks,
    key         = {Wiki},
    title       = {Wiki links english dataset},
    note        = {http://konect.uni-koblenz.de/networks/wikipedia\_link\_en},
    year        = 2017
}

@misc{friendster,
    key         = {Friendster},
    title       = {Friendster dataset},
    note        = {http://konect.uni-koblenz.de/networks/friendster},
    year        = 2017
}

@misc{twitter,
    key         = {Twitter\_MPI},
    title       = {Twitter\_MPI dataset},
    note        = {http://konect.uni-koblenz.de/networks/twitter\_mpi},
    year        = 2017
}

@inproceedings{Aref:2015:DIL:2723372.2742796,
 author = {Aref, Molham and ten Cate, Balder and Green, Todd J. and Kimelfeld, Benny and Olteanu, Dan and Pasalic, Emir and Veldhuizen, Todd L. and Washburn, Geoffrey},
 title = {Design and Implementation of the LogicBlox System},
 booktitle = {Proceedings of the 2015 ACM SIGMOD International Conference on Management of Data},
 series = {SIGMOD '15},
 year = {2015},
 isbn = {978-1-4503-2758-9},
 location = {Melbourne, Victoria, Australia},
 pages = {1371--1382},
 numpages = {12},
 url = {http://doi.acm.org/10.1145/2723372.2742796},
 doi = {10.1145/2723372.2742796},
 acmid = {2742796},
 publisher = {ACM},
 address = {New York, NY, USA},
 keywords = {datalog, incremental maintenance, leapfrog triejoin, live programming, logicblox, logiql, predictive analytics, transaction repair},
}

@inproceedings{Shapiro:2011:CRD:2050613.2050642,
 author = {Shapiro, Marc and Pregui\c{c}a, Nuno and Baquero, Carlos and Zawirski, Marek},
 title = {Conflict-free Replicated Data Types},
 booktitle = {Proceedings of the 13th International Conference on Stabilization, Safety, and Security of Distributed Systems},
 series = {SSS'11},
 year = {2011},
 isbn = {978-3-642-24549-7},
 location = {Grenoble, France},
 pages = {386--400},
 numpages = {15},
 url = {http://dl.acm.org/citation.cfm?id=2050613.2050642},
 acmid = {2050642},
 publisher = {Springer-Verlag},
 address = {Berlin, Heidelberg},
 keywords = {eventual consistency, large-scale distributed systems, replicated shared objects},
}

@inproceedings{Halperin:2014:DMB:2588555.2594530,
 author = {Halperin, Daniel and Teixeira de Almeida, Victor and Choo, Lee Lee and Chu, Shumo and Koutris, Paraschos and Moritz, Dominik and Ortiz, Jennifer and Ruamviboonsuk, Vaspol and Wang, Jingjing and Whitaker, Andrew and Xu, Shengliang and Balazinska, Magdalena and Howe, Bill and Suciu, Dan},
 title = {Demonstration of the Myria Big Data Management Service},
 booktitle = {Proceedings of the 2014 ACM SIGMOD International Conference on Management of Data},
 series = {SIGMOD '14},
 year = {2014},
 isbn = {978-1-4503-2376-5},
 location = {Snowbird, Utah, USA},
 pages = {881--884},
 numpages = {4},
 url = {http://doi.acm.org/10.1145/2588555.2594530},
 doi = {10.1145/2588555.2594530},
 acmid = {2594530},
 publisher = {ACM},
 address = {New York, NY, USA},
 keywords = {Myria, big data management, data management service},
}

@INPROCEEDINGS{7840589,
author={W. E. Moustafa and V. Papavasileiou and K. Yocum and A. Deutsch},
booktitle={2016 IEEE International Conference on Big Data (Big Data)},
title={Datalography: Scaling datalog graph analytics on graph processing systems},
year={2016},
volume={},
number={},
pages={56-65},
keywords={DATALOG;graph theory;query processing;Apache Giraph;BSP-style graph processing engines;Datalog evaluation engine;Datalog graph analytics;Datalog optimizations;Datalog queries;Pregel-like systems;aggregate function evaluation;asynchronous execution;datalography;eager aggregation;graph processing engines;high-performance distributed computing framework;seminaive evaluation;super vertices;Aggregates;Computational modeling;Distributed databases;Engines;Machine learning algorithms;Optimization},
doi={10.1109/BigData.2016.7840589},
ISSN={},
month={Dec},}

@INPROCEEDINGS{7113340,
author={A. Shkapsky and M. Yang and C. Zaniolo},
booktitle={2015 IEEE 31st International Conference on Data Engineering},
title={Optimizing recursive queries with monotonic aggregates in DeALS},
year={2015},
volume={},
number={},
pages={867-878},
keywords={DATALOG;deductive databases;query processing;DeALS;datalog programs;deductive application language system;least-fixpoint semantics;monotonic aggregates;recursive queries optimization;seminaive evaluation;Aggregates;Hidden Markov models;Indexes;Lattices;Optimization;Semantics;Synchronization},
doi={10.1109/ICDE.2015.7113340},
ISSN={1063-6382},
month={April},}

@article{Shkapsky:2013:GQN:2536274.2536290,
 author = {Shkapsky, Alexander and Zeng, Kai and Zaniolo, Carlo},
 title = {Graph Queries in a Next-generation Datalog System},
 journal = {Proc. VLDB Endow.},
 issue_date = {August 2013},
 volume = {6},
 number = {12},
 month = aug,
 year = {2013},
 issn = {2150-8097},
 pages = {1258--1261},
 numpages = {4},
 url = {http://dx.doi.org/10.14778/2536274.2536290},
 doi = {10.14778/2536274.2536290},
 acmid = {2536290},
 publisher = {VLDB Endowment},
}

@article{Conway:2014:EAS:2732279.2732285,
 author = {Conway, Neil and Alvaro, Peter and Andrews, Emily and Hellerstein, Joseph M.},
 title = {Edelweiss: Automatic Storage Reclamation for Distributed Programming},
 journal = {Proc. VLDB Endow.},
 issue_date = {February 2014},
 volume = {7},
 number = {6},
 month = feb,
 year = {2014},
 issn = {2150-8097},
 pages = {481--492},
 numpages = {12},
 url = {http://dx.doi.org/10.14778/2732279.2732285},
 doi = {10.14778/2732279.2732285},
 acmid = {2732285},
 publisher = {VLDB Endowment},
}

@article{Barroso:2017:AKM:3069398.3015146,
 author = {Barroso, Luiz and Marty, Mike and Patterson, David and Ranganathan, Parthasarathy},
 title = {Attack of the Killer Microseconds},
 journal = {Commun. ACM},
 issue_date = {April 2017},
 volume = {60},
 number = {4},
 month = mar,
 year = {2017},
 issn = {0001-0782},
 pages = {48--54},
 numpages = {7},
 url = {http://doi.acm.org/10.1145/3015146},
 doi = {10.1145/3015146},
 acmid = {3015146},
 publisher = {ACM},
 address = {New York, NY, USA},
}

@article{Bailis:2012:PBS:2212351.2212359,
 author = {Bailis, Peter and Venkataraman, Shivaram and Franklin, Michael J. and Hellerstein, Joseph M. and Stoica, Ion},
 title = {Probabilistically Bounded Staleness for Practical Partial Quorums},
 journal = {Proc. VLDB Endow.},
 issue_date = {April 2012},
 volume = {5},
 number = {8},
 month = apr,
 year = {2012},
 issn = {2150-8097},
 pages = {776--787},
 numpages = {12},
 url = {http://dx.doi.org/10.14778/2212351.2212359},
 doi = {10.14778/2212351.2212359},
 acmid = {2212359},
 publisher = {VLDB Endowment},
}

@ARTICLE{maiter,
author={Zhang, Yanfeng and Gao, Qixin and Gao, Lixin and Wang, Cuirong},
journal={IEEE Transactions on Parallel and Distributed Systems},
title={Maiter: An Asynchronous Graph Processing Framework for Delta-Based Accumulative Iterative Computation},
year={2014},
volume={25},
number={8},
pages={2091-2100},}


@inproceedings{Wang:2016:GHG:2851141.2851145,
 author = {Wang, Yangzihao and Davidson, Andrew and Pan, Yuechao and Wu, Yuduo and Riffel, Andy and Owens, John D.},
 title = {Gunrock: A High-performance Graph Processing Library on the GPU},
 booktitle = {Proceedings of the 21st ACM SIGPLAN Symposium on Principles and Practice of Parallel Programming},
 series = {PPoPP '16},
 year = {2016},
 isbn = {978-1-4503-4092-2},
 location = {Barcelona, Spain},
 pages = {11:1--11:12},
 articleno = {11},
 numpages = {12},
 url = {http://doi.acm.org/10.1145/2851141.2851145},
 doi = {10.1145/2851141.2851145},
 acmid = {2851145},
 publisher = {ACM},
 address = {New York, NY, USA},
}

@inproceedings{Jeh:2002:SMS:775047.775126,
 author = {Jeh, Glen and Widom, Jennifer},
 title = {SimRank: A Measure of Structural-context Similarity},
 booktitle = {Proceedings of the Eighth ACM SIGKDD International Conference on Knowledge Discovery and Data Mining},
 series = {KDD '02},
 year = {2002},
 isbn = {1-58113-567-X},
 location = {Edmonton, Alberta, Canada},
 pages = {538--543},
 numpages = {6},
 url = {http://doi.acm.org/10.1145/775047.775126},
 doi = {10.1145/775047.775126},
 acmid = {775126},
 publisher = {ACM},
 address = {New York, NY, USA},
}

@ARTICLE{910572,
author={F. R. Kschischang and B. J. Frey and H. A. Loeliger},
journal={IEEE Transactions on Information Theory},
title={Factor graphs and the sum-product algorithm},
year={2001},
volume={47},
number={2},
pages={498-519},
keywords={Kalman filters;Viterbi decoding;artificial intelligence;belief networks;digital communication;fast Fourier transforms;functional analysis;graph theory;hidden Markov models;iterative decoding;message passing;signal processing;turbo codes;Bayesian networks;FFT algorithms;HMM;Kalman filter;Viterbi algorithm;artificial intelligence;belief propagation algorithm;bipartite graph;computational rule;digital communications;factor graphs;factorization;fast Fourier transform;forward/backward algorithm;generic message-passing algorithm;global function;global functions;iterative turbo decoding algorithm;local functions;marginal functions;signal processing;sum-product algorithm;Artificial intelligence;Bipartite graph;Digital communication;Digital signal processing;Iterative algorithms;Iterative decoding;Signal processing algorithms;Sum product algorithm;Visualization;Viterbi algorithm},
doi={10.1109/18.910572},
ISSN={0018-9448},
month={Feb},}

@article{Gatterbauer:2015:LSB:2735479.2735490,
 author = {Gatterbauer, Wolfgang and G\"{u}nnemann, Stephan and Koutra, Danai and Faloutsos, Christos},
 title = {Linearized and Single-pass Belief Propagation},
 journal = {Proc. VLDB Endow.},
 issue_date = {January 2015},
 volume = {8},
 number = {5},
 month = jan,
 year = {2015},
 issn = {2150-8097},
 pages = {581--592},
 numpages = {12},
 url = {http://dx.doi.org/10.14778/2735479.2735490},
 doi = {10.14778/2735479.2735490},
 acmid = {2735490},
 publisher = {VLDB Endowment},
}

@inproceedings{DeMoura:2008:ZES:1792734.1792766,
 author = {De Moura, Leonardo and Bj{\o}rner, Nikolaj},
 title = {Z3: An Efficient SMT Solver},
 booktitle = {Proceedings of the Theory and Practice of Software, 14th International Conference on Tools and Algorithms for the Construction and Analysis of Systems},
 series = {TACAS'08/ETAPS'08},
 year = {2008},
 isbn = {3-540-78799-2, 978-3-540-78799-0},
 location = {Budapest, Hungary},
 pages = {337--340},
 numpages = {4},
 url = {http://dl.acm.org/citation.cfm?id=1792734.1792766},
 acmid = {1792766},
 publisher = {Springer-Verlag},
 address = {Berlin, Heidelberg},
}

@inproceedings{Fan:2017:PSG:3035918.3035942,
 author = {Fan, Wenfei and Xu, Jingbo and Wu, Yinghui and Yu, Wenyuan and Jiang, Jiaxin and Zheng, Zeyu and Zhang, Bohan and Cao, Yang and Tian, Chao},
 title = {Parallelizing Sequential Graph Computations},
 booktitle = {Proceedings of the 2017 ACM International Conference on Management of Data},
 series = {SIGMOD '17},
 year = {2017},
 isbn = {978-1-4503-4197-4},
 location = {Chicago, Illinois, USA},
 pages = {495--510},
 numpages = {16},
 url = {http://doi.acm.org/10.1145/3035918.3035942},
 doi = {10.1145/3035918.3035942},
 acmid = {3035942},
 publisher = {ACM},
 address = {New York, NY, USA},
 keywords = {graph computation, in-cremental evaluation, parallel model, partial evaluation, scalability},
}

@inproceedings{Shun:2015:SRP:2722129.2722159,
 author = {Shun, Julian and Gu, Yan and Blelloch, Guy E. and Fineman, Jeremy T. and Gibbons, Phillip B.},
 title = {Sequential Random Permutation, List Contraction and Tree Contraction Are Highly Parallel},
 booktitle = {Proceedings of the Twenty-sixth Annual ACM-SIAM Symposium on Discrete Algorithms},
 series = {SODA '15},
 year = {2015},
 location = {San Diego, California},
 pages = {431--448},
 numpages = {18},
 url = {http://dl.acm.org/citation.cfm?id=2722129.2722159},
 acmid = {2722159},
 publisher = {Society for Industrial and Applied Mathematics},
 address = {Philadelphia, PA, USA},
}

@inproceedings{blaze,
 author = {Alvaro, Peter and Conway, Neil and Hellerstein, Joseph M. and Maier, David},
 title = {Blazes: Coordination analysis for distributed programs},
 booktitle = {Proceedings of the 30th International Conference on Data Engineering},
 series = {ICDE '14},
 year = {2014}
}

@article{Ameloot:2014:DNR:2694413.2694415,
 author = {Ameloot, Tom J.},
 title = {Declarative Networking: Recent Theoretical Work on Coordination, Correctness, and Declarative Semantics},
 journal = {SIGMOD Rec.},
 issue_date = {June 2014},
 volume = {43},
 number = {2},
 month = dec,
 year = {2014},
 issn = {0163-5808},
 pages = {5--16},
 numpages = {12},
 url = {http://doi.acm.org/10.1145/2694413.2694415},
 doi = {10.1145/2694413.2694415},
 acmid = {2694415},
 publisher = {ACM},
 address = {New York, NY, USA},
}

@article{Bailis:2014:QEC:2632661.2632792,
 author = {Bailis, Peter and Venkataraman, Shivaram and Franklin, Michael J. and Hellerstein, Joseph M. and Stoica, Ion},
 title = {Quantifying Eventual Consistency with PBS},
 journal = {Commun. ACM},
 issue_date = {August 2014},
 volume = {57},
 number = {8},
 month = aug,
 year = {2014},
 issn = {0001-0782},
 pages = {93--102},
 numpages = {10},
 url = {http://doi.acm.org/10.1145/2632792},
 doi = {10.1145/2632792},
 acmid = {2632792},
 publisher = {ACM},
 address = {New York, NY, USA},
}

@inproceedings{Alvaro:2013:CWB:2523616.2523632,
 author = {Alvaro, Peter and Bailis, Peter and Conway, Neil and Hellerstein, Joseph M.},
 title = {Consistency Without Borders},
 booktitle = {Proceedings of the 4th Annual Symposium on Cloud Computing},
 series = {SOCC '13},
 year = {2013},
 isbn = {978-1-4503-2428-1},
 location = {Santa Clara, California},
 pages = {23:1--23:10},
 articleno = {23},
 numpages = {10},
 url = {http://doi.acm.org/10.1145/2523616.2523632},
 doi = {10.1145/2523616.2523632},
 acmid = {2523632},
 publisher = {ACM},
 address = {New York, NY, USA},
}

@inproceedings{Bailis:2013:BCC:2463676.2465279,
 author = {Bailis, Peter and Ghodsi, Ali and Hellerstein, Joseph M. and Stoica, Ion},
 title = {Bolt-on Causal Consistency},
 booktitle = {Proceedings of the 2013 ACM SIGMOD International Conference on Management of Data},
 series = {SIGMOD '13},
 year = {2013},
 isbn = {978-1-4503-2037-5},
 location = {New York, New York, USA},
 pages = {761--772},
 numpages = {12},
 url = {http://doi.acm.org/10.1145/2463676.2465279},
 doi = {10.1145/2463676.2465279},
 acmid = {2465279},
 publisher = {ACM},
 address = {New York, NY, USA},
 keywords = {causal consistency, eventual consistency, separation of concerns},
}

@article{Bailis:2013:ECT:2460276.2462076,
 author = {Bailis, Peter and Ghodsi, Ali},
 title = {Eventual Consistency Today: Limitations, Extensions, and Beyond},
 journal = {Queue},
 issue_date = {March 2013},
 volume = {11},
 number = {3},
 month = mar,
 year = {2013},
 issn = {1542-7730},
 pages = {20:20--20:32},
 articleno = {20},
 numpages = {13},
 url = {http://doi.acm.org/10.1145/2460276.2462076},
 doi = {10.1145/2460276.2462076},
 acmid = {2462076},
 publisher = {ACM},
 address = {New York, NY, USA},
}

@inproceedings{Bailis:2012:PDC:2391229.2391251,
 author = {Bailis, Peter and Fekete, Alan and Ghodsi, Ali and Hellerstein, Joseph M. and Stoica, Ion},
 title = {The Potential Dangers of Causal Consistency and an Explicit Solution},
 booktitle = {Proceedings of the Third ACM Symposium on Cloud Computing},
 series = {SoCC '12},
 year = {2012},
 isbn = {978-1-4503-1761-0},
 location = {San Jose, California},
 pages = {22:1--22:7},
 articleno = {22},
 numpages = {7},
 url = {http://doi.acm.org/10.1145/2391229.2391251},
 doi = {10.1145/2391229.2391251},
 acmid = {2391251},
 publisher = {ACM},
 address = {New York, NY, USA},
 keywords = {causality, convergence, data dependencies, explicit causality, scalability, semantic knowledge, weak consistency},
}

@inproceedings{Conway:2012:LLD:2391229.2391230,
 author = {Conway, Neil and Marczak, William R. and Alvaro, Peter and Hellerstein, Joseph M. and Maier, David},
 title = {Logic and Lattices for Distributed Programming},
 booktitle = {Proceedings of the Third ACM Symposium on Cloud Computing},
 series = {SoCC '12},
 year = {2012},
 isbn = {978-1-4503-1761-0},
 location = {San Jose, California},
 pages = {1:1--1:14},
 articleno = {1},
 numpages = {14},
 url = {http://doi.acm.org/10.1145/2391229.2391230},
 doi = {10.1145/2391229.2391230},
 acmid = {2391230},
 publisher = {ACM},
 address = {New York, NY, USA},
 keywords = {Bloom, distributed programming, eventual consistency, lattice},
}

@inproceedings{Alvaro:2010:DDT:2185923.2185942,
 author = {Alvaro, Peter and Marczak, William R. and Conway, Neil and Hellerstein, Joseph M. and Maier, David and Sears, Russell},
 title = {Dedalus: Datalog in Time and Space},
 booktitle = {Proceedings of the First International Conference on Datalog Reloaded},
 series = {Datalog'10},
 year = {2011},
 isbn = {978-3-642-24205-2},
 location = {Oxford, UK},
 pages = {262--281},
 numpages = {20},
 url = {http://dx.doi.org/10.1007/978-3-642-24206-9_16},
 doi = {10.1007/978-3-642-24206-9_16},
 acmid = {2185942},
 publisher = {Springer-Verlag},
 address = {Berlin, Heidelberg},
 keywords = {datalog, distributed systems, logic programming, temporal logic},
}

@article{Zhang:2014:DSM:2732977.2733001,
 author = {Zhang, Ce and R{\'e}, Christopher},
 title = {DimmWitted: A Study of Main-memory Statistical Analytics},
 journal = {Proc. VLDB Endow.},
 issue_date = {August 2014},
 volume = {7},
 number = {12},
 month = aug,
 year = {2014},
 issn = {2150-8097},
 pages = {1283--1294},
 numpages = {12},
 url = {http://dx.doi.org/10.14778/2732977.2733001},
 doi = {10.14778/2732977.2733001},
 acmid = {2733001},
 publisher = {VLDB Endowment},
}

@inproceedings{Mnih:2016:AMD:3045390.3045594,
 author = {Mnih, Volodymyr and Badia, Adri\`{a} Puigdom\`{e}nech and Mirza, Mehdi and Graves, Alex and Harley, Tim and Lillicrap, Timothy P. and Silver, David and Kavukcuoglu, Koray},
 title = {Asynchronous Methods for Deep Reinforcement Learning},
 booktitle = {Proceedings of the 33rd International Conference on International Conference on Machine Learning - Volume 48},
 series = {ICML'16},
 year = {2016},
 location = {New York, NY, USA},
 pages = {1928--1937},
 numpages = {10},
 url = {http://dl.acm.org/citation.cfm?id=3045390.3045594},
 acmid = {3045594},
 publisher = {JMLR.org},
}

@inproceedings{Alvaro:2010:BAE:1755913.1755937,
 author = {Alvaro, Peter and Condie, Tyson and Conway, Neil and Elmeleegy, Khaled and Hellerstein, Joseph M. and Sears, Russell},
 title = {Boom Analytics: Exploring Data-centric, Declarative Programming for the Cloud},
 booktitle = {Proceedings of the 5th European Conference on Computer Systems},
 series = {EuroSys '10},
 year = {2010},
 isbn = {978-1-60558-577-2},
 location = {Paris, France},
 pages = {223--236},
 numpages = {14},
 url = {http://doi.acm.org/10.1145/1755913.1755937},
 doi = {10.1145/1755913.1755937},
 acmid = {1755937},
 publisher = {ACM},
 address = {New York, NY, USA},
 keywords = {cloud computing, datalog, mapreduce},
}

@article{Hellerstein:2010:DIE:1860702.1860704,
 author = {Hellerstein, Joseph M.},
 title = {The Declarative Imperative: Experiences and Conjectures in Distributed Logic},
 journal = {SIGMOD Rec.},
 issue_date = {March 2010},
 volume = {39},
 number = {1},
 month = sep,
 year = {2010},
 issn = {0163-5808},
 pages = {5--19},
 numpages = {15},
 url = {http://doi.acm.org/10.1145/1860702.1860704},
 doi = {10.1145/1860702.1860704},
 acmid = {1860704},
 publisher = {ACM},
 address = {New York, NY, USA},
}


@article{Liu:2015:APS:2789272.2789282,
 author = {Liu, Ji and Wright, Stephen J. and R{\'e}, Christopher and Bittorf, Victor and Sridhar, Srikrishna},
 title = {An Asynchronous Parallel Stochastic Coordinate Descent Algorithm},
 journal = {J. Mach. Learn. Res.},
 issue_date = {January 2015},
 volume = {16},
 number = {1},
 month = jan,
 year = {2015},
 issn = {1532-4435},
 pages = {285--322},
 numpages = {38},
 url = {http://dl.acm.org/citation.cfm?id=2789272.2789282},
 acmid = {2789282},
 publisher = {JMLR.org},
 keywords = {asynchronous parallel optimization, stochastic coordinate descent},
}

@inproceedings{Shalev-Shwartz:2013:AMS:2999611.2999654,
 author = {Shalev-Shwartz, Shai and Zhang, Tong},
 title = {Accelerated Mini-batch Stochastic Dual Coordinate Ascent},
 booktitle = {Proceedings of the 26th International Conference on Neural Information Processing Systems - Volume 1},
 series = {NIPS'13},
 year = {2013},
 location = {Lake Tahoe, Nevada},
 pages = {378--385},
 numpages = {8},
 url = {http://dl.acm.org/citation.cfm?id=2999611.2999654},
 acmid = {2999654},
 publisher = {Curran Associates Inc.},
 address = {USA},
}

@article{DBLP:journals/corr/GonzalezBJFHGS15,
  author    = {Joseph E. Gonzalez and
               Peter Bailis and
               Michael I. Jordan and
               Michael J. Franklin and
               Joseph M. Hellerstein and
               Ali Ghodsi and
               Ion Stoica},
  title     = {Asynchronous Complex Analytics in a Distributed Dataflow Architecture},
  journal   = {CoRR},
  volume    = {abs/1510.07092},
  year      = {2015},
  url       = {http://arxiv.org/abs/1510.07092},
  timestamp = {Wed, 07 Jun 2017 01:00:00 +0200},
  biburl    = {http://dblp.dagstuhl.de/rec/bib/journals/corr/GonzalezBJFHGS15},
  bibsource = {dblp computer science bibliography, http://dblp.org}
}

@inproceedings{Zhang:2011:PDF:2038916.2038929,
 author = {Zhang, Yanfeng and Gao, Qixin and Gao, Lixin and Wang, Cuirong},
 title = {PrIter: A Distributed Framework for Prioritized Iterative Computations},
 booktitle = {Proceedings of the 2Nd ACM Symposium on Cloud Computing},
 series = {SOCC '11},
 year = {2011},
 isbn = {978-1-4503-0976-9},
 location = {Cascais, Portugal},
 pages = {13:1--13:14},
 articleno = {13},
 numpages = {14},
 url = {http://doi.acm.org/10.1145/2038916.2038929},
 doi = {10.1145/2038916.2038929},
 acmid = {2038929},
 publisher = {ACM},
 address = {New York, NY, USA},
 keywords = {MapReduce, PrIter, distributed framework, iterative algorithms, prioritized iteration},
}

@inproceedings{Dean:2004:MSD:1251254.1251264,
 author = {Dean, Jeffrey and Ghemawat, Sanjay},
 title = {MapReduce: Simplified Data Processing on Large Clusters},
 booktitle = {Proceedings of the 6th Conference on Symposium on Opearting Systems Design \& Implementation - Volume 6},
 series = {OSDI'04},
 year = {2004},
 location = {San Francisco, CA},
 pages = {10--10},
 numpages = {1},
 url = {http://dl.acm.org/citation.cfm?id=1251254.1251264},
 acmid = {1251264},
 publisher = {USENIX Association},
 address = {Berkeley, CA, USA},
}

@article{Bailis:2014:CAD:2735508.2735509,
 author = {Bailis, Peter and Fekete, Alan and Franklin, Michael J. and Ghodsi, Ali and Hellerstein, Joseph M. and Stoica, Ion},
 title = {Coordination Avoidance in Database Systems},
 journal = {Proc. VLDB Endow.},
 issue_date = {November 2014},
 volume = {8},
 number = {3},
 month = nov,
 year = {2014},
 issn = {2150-8097},
 pages = {185--196},
 numpages = {12},
 url = {http://dx.doi.org/10.14778/2735508.2735509},
 doi = {10.14778/2735508.2735509},
 acmid = {2735509},
 publisher = {VLDB Endowment},
}

@inproceedings{Bailis:2017:MPA:3035918.3035928,
 author = {Bailis, Peter and Gan, Edward and Madden, Samuel and Narayanan, Deepak and Rong, Kexin and Suri, Sahaana},
 title = {MacroBase: Prioritizing Attention in Fast Data},
 booktitle = {Proceedings of the 2017 ACM International Conference on Management of Data},
 series = {SIGMOD '17},
 year = {2017},
 isbn = {978-1-4503-4197-4},
 location = {Chicago, Illinois, USA},
 pages = {541--556},
 numpages = {16},
 url = {http://doi.acm.org/10.1145/3035918.3035928},
 doi = {10.1145/3035918.3035928},
 acmid = {3035928},
 publisher = {ACM},
 address = {New York, NY, USA},
}


@inproceedings{priori-cidr,
 author = {Bailis, Peter and Gan, Edward and Rong, Kexin and Suri, Sahaana},
 title = {Prioritizing Attention in Fast Data: Principles and Promise},
 booktitle = {Proceedings of the 8th biennial Conference on Innovative Data Systems Research},
 series = {CIDR '17},
 year = {2017}
}

@inproceedings{Niu:2011:HLA:2986459.2986537,
 author = {Niu, Feng and Recht, Benjamin and Re, Christopher and Wright, Stephen J.},
 title = {HOGWILD!: A Lock-free Approach to Parallelizing Stochastic Gradient Descent},
 booktitle = {Proceedings of the 24th International Conference on Neural Information Processing Systems},
 series = {NIPS'11},
 year = {2011},
 isbn = {978-1-61839-599-3},
 location = {Granada, Spain},
 pages = {693--701},
 numpages = {9},
 url = {http://dl.acm.org/citation.cfm?id=2986459.2986537},
 acmid = {2986537},
 publisher = {Curran Associates Inc.},
 address = {USA},
}

@ARTICLE{8017445,
author={X. Shi and X. Luo and J. Liang and P. Zhao and S. Di and B. He and H. Jin},
journal={IEEE Transactions on Knowledge and Data Engineering},
title={Frog: Asynchronous Graph Processing on GPU with Hybrid Coloring Model},
year={2017},
volume={PP},
number={99},
pages={1-1},
keywords={Acceleration;Computational modeling;Data transfer;Graphics processing units;Image color analysis;Kernel;Parallel processing;Asynchronous Computing Model;GPGPU;Graph Processing},
doi={10.1109/TKDE.2017.2745562},
ISSN={1041-4347},
month={},}

@article{Low:2012:DGF:2212351.2212354,
 author = {Low, Yucheng and Bickson, Danny and Gonzalez, Joseph and Guestrin, Carlos and Kyrola, Aapo and Hellerstein, Joseph M.},
 title = {Distributed GraphLab: A Framework for Machine Learning and Data Mining in the Cloud},
 journal = {Proc. VLDB Endow.},
 issue_date = {April 2012},
 volume = {5},
 number = {8},
 month = apr,
 year = {2012},
 issn = {2150-8097},
 pages = {716--727},
 numpages = {12},
 url = {https://doi.org/10.14778/2212351.2212354},
 doi = {10.14778/2212351.2212354},
 acmid = {2212354},
 publisher = {VLDB Endowment},
}

@inproceedings{Zhao:2017:AGP:3035918.3035943,
 author = {Zhao, Kangfei and Yu, Jeffrey Xu},
 title = {All-in-One: Graph Processing in RDBMSs Revisited},
 booktitle = {Proceedings of the 2017 ACM International Conference on Management of Data},
 series = {SIGMOD '17},
 year = {2017},
 isbn = {978-1-4503-4197-4},
 location = {Chicago, Illinois, USA},
 pages = {1165--1180},
 numpages = {16},
 url = {http://doi.acm.org/10.1145/3035918.3035943},
 doi = {10.1145/3035918.3035943},
 acmid = {3035943},
 publisher = {ACM},
 address = {New York, NY, USA},
 keywords = {datalog, graph algorithms, mm-join, mv-join, relational database systems, sql recursion, xy-stratified},
}

@inproceedings{Zaharia:2010:SCC:1863103.1863113,
 author = {Zaharia, Matei and Chowdhury, Mosharaf and Franklin, Michael J. and Shenker, Scott and Stoica, Ion},
 title = {Spark: Cluster Computing with Working Sets},
 booktitle = {Proceedings of the 2Nd USENIX Conference on Hot Topics in Cloud Computing},
 series = {HotCloud'10},
 year = {2010},
 location = {Boston, MA},
 pages = {10--10},
 numpages = {1},
 url = {http://dl.acm.org/citation.cfm?id=1863103.1863113},
 acmid = {1863113},
 publisher = {USENIX Association},
 address = {Berkeley, CA, USA},
}

@inproceedings{Shkapsky:2016:BDA:2882903.2915229,
 author = {Shkapsky, Alexander and Yang, Mohan and Interlandi, Matteo and Chiu, Hsuan and Condie, Tyson and Zaniolo, Carlo},
 title = {Big Data Analytics with Datalog Queries on Spark},
 booktitle = {Proceedings of the 2016 International Conference on Management of Data},
 series = {SIGMOD '16},
 year = {2016},
 isbn = {978-1-4503-3531-7},
 location = {San Francisco, California, USA},
 pages = {1135--1149},
 numpages = {15},
 url = {http://doi.acm.org/10.1145/2882903.2915229},
 doi = {10.1145/2882903.2915229},
 acmid = {2915229},
 publisher = {ACM},
 address = {New York, NY, USA},
 keywords = {datalog, monotonic aggregates, recursive queries, spark},
}

@inproceedings{Lam:2013:SDE:2510649.2511289,
 author = {Lam, Monica S. and Guo, Stephen and Seo, Jiwon},
 title = {SociaLite: Datalog Extensions for Efficient Social Network Analysis},
 booktitle = {Proceedings of the 2013 IEEE International Conference on Data Engineering (ICDE 2013)},
 series = {ICDE '13},
 year = {2013},
 isbn = {978-1-4673-4909-3},
 pages = {278--289},
 numpages = {12},
 url = {http://dx.doi.org/10.1109/ICDE.2013.6544832},
 doi = {10.1109/ICDE.2013.6544832},
 acmid = {2511289},
 publisher = {IEEE Computer Society},
 address = {Washington, DC, USA},
}

@article{Seo:2013:DSD:2556549.2556572,
 author = {Seo, Jiwon and Park, Jongsoo and Shin, Jaeho and Lam, Monica S.},
 title = {Distributed Socialite: A Datalog-based Language for Large-scale Graph Analysis},
 journal = {Proc. VLDB Endow.},
 issue_date = {September 2013},
 volume = {6},
 number = {14},
 month = sep,
 year = {2013},
 issn = {2150-8097},
 pages = {1906--1917},
 numpages = {12},
 url = {http://dx.doi.org/10.14778/2556549.2556572},
 doi = {10.14778/2556549.2556572},
 acmid = {2556572},
 publisher = {VLDB Endowment},
}

@article{Wang:2015:AFR:2824032.2824052,
 author = {Wang, Jingjing and Balazinska, Magdalena and Halperin, Daniel},
 title = {Asynchronous and Fault-tolerant Recursive Datalog Evaluation in Shared-nothing Engines},
 journal = {Proc. VLDB Endow.},
 issue_date = {August 2015},
 volume = {8},
 number = {12},
 month = aug,
 year = {2015},
 issn = {2150-8097},
 pages = {1542--1553},
 numpages = {12},
 url = {http://dx.doi.org/10.14778/2824032.2824052},
 doi = {10.14778/2824032.2824052},
 acmid = {2824052},
 publisher = {VLDB Endowment},
}

@inproceedings{asynchronous,
 author = {Karthik, Kambatla and Naresh, Rapolu and Suresh, Jagannathan and Ananth, Grama},
 title = {Asynchronous Algorithms in MapReduce},
 booktitle = {Cluster '10},
 year = {2010},
 }

 @article{Tian:2013:TLV:2732232.2732238,
 author = {Tian, Yuanyuan and Balmin, Andrey and Corsten, Severin Andreas and Tatikonda, Shirish and McPherson, John},
 title = {From "Think Like a Vertex" to "Think Like a Graph"},
 journal = {Proc. VLDB Endow.},
 issue_date = {November 2013},
 volume = {7},
 number = {3},
 month = nov,
 year = {2013},
 issn = {2150-8097},
 pages = {193--204},
 numpages = {12},
 url = {http://dx.doi.org/10.14778/2732232.2732238},
 doi = {10.14778/2732232.2732238},
 acmid = {2732238},
 publisher = {VLDB Endowment},
}

@article{Han:2015:GUB:2777598.2777604,
 author = {Han, Minyang and Daudjee, Khuzaima},
 title = {Giraph Unchained: Barrierless Asynchronous Parallel Execution in Pregel-like Graph Processing Systems},
 journal = {Proc. VLDB Endow.},
 issue_date = {May 2015},
 volume = {8},
 number = {9},
 month = may,
 year = {2015},
 issn = {2150-8097},
 pages = {950--961},
 numpages = {12},
 url = {https://doi.org/10.14778/2777598.2777604},
 doi = {10.14778/2777598.2777604},
 acmid = {2777604},
 publisher = {VLDB Endowment},
}

@inproceedings{grace,
 author = {Wang, Guozhang and Xie, Wenlei and Demers, Alan and Gehrke, Johannes},
 title = {Asynchronous Large-Scale Graph Processing Made Easy},
 booktitle = {CIDR 2013},
  year = {2013}
}

@inproceedings{calm,
 author = {Alvaro, Peter and Conway, Neil and M. Hellerstein, Joseph and R. Marczak, William},
 title = {Consistency Analysis in Bloom: a CALM and Collected Approach},
 booktitle = {CIDR 2011},
  year = {2011}
}

@article{fixpoint,
 author = {Tarski, A.},
 title = {A lattice-theoretical fixpoint theorem and its applications},
 journal = {Pacific Journal of Mathematics},
 volume = {5},
 number = {2},
 year = {1955},
 pages = {285--309}
}
